@article{kulkarni2005population,
title={Population growth, fertility, and religion in India},
author={Kulkarni, Purushottam M and Alagarajan, Manoj},
journal={Economic and Political weekly},
pages={403--410},
year={2005},
publisher={JSTOR}
}
@misc{vote16WP,
author = {vote16USA},
year = {2020},
title = "{Amplifying Youth Activism to Lower the Voting Age in 2020 and Beyond}"
}
@misc{vote16USAHR1,
author = {vote16USA},
month = {03},
title = {{Amendment to HR.1 "For the People Act" Seeks to Lower Voting Age to 16}},
url = {https://vote16usa.org/amendment-to-hr-1-seeks-to-lower-voting-age-to-16/},
year = {2021},
}
@ARTICLE{Teele2018-vz,
title     = "How the West Was Won: Competition, Mobilization, and Women's
Enfranchisement in the United States",
author    = "Teele, Dawn Langan",
journal   = "The journal of politics",
publisher = "The University of Chicago Press",
volume    =  80,
number    =  2,
pages     = "442--461",
month     =  apr,
year      =  2018,
url       = "https://doi.org/10.1086/696621"
}
@ARTICLE{Morgan-Collins2021-yq,
title     = "The Electoral Impact of Newly Enfranchised Groups: The Case of
Women's Suffrage in the United States",
author    = "Morgan-Collins, Mona",
journal   = "The journal of politics",
publisher = "The University of Chicago Press",
volume    =  83,
number    =  1,
pages     = "150--165",
month     =  jan,
year      =  2021,
url       = "https://doi.org/10.1086/708955"
}
@ARTICLE{Miller2008-xn,
title     = "Women's suffrage, political responsiveness, and child survival
in American history",
author    = "Miller, Grant",
journal   = "The quarterly journal of economics",
publisher = "Oxford University Press (OUP)",
volume    =  123,
number    =  3,
pages     = "1287--1327",
month     =  aug,
year      =  2008,
url       = "https://academic.oup.com/qje/article-lookup/doi/10.1162/qjec.2008.123.3.1287",
language  = "en"
}
@article{mcallister2014politics,
title={The politics of lowering the voting age in Australia: Evaluating the evidence},
author={McAllister, Ian},
journal={Australian Journal of Political Science},
volume={49},
number={1},
pages={68--83},
year={2014},
publisher={Taylor \& Francis}
}
@phdthesis{hidalgo2012renovating,
title={Renovating democracy: The political consequences of election reforms in post-war Brazil},
author={Hidalgo, Fernando Daniel},
year={2012},
school={UC Berkeley}
}
@article{fowler2013electoral,
title={Electoral and policy consequences of voter turnout: Evidence from compulsory voting in Australia},
author={Fowler, Anthony},
journal={Quarterly Journal of Political Science},
volume={8},
number={2},
pages={159--182},
year={2013}
}
@article{aidt2013democratization,
title={Democratization and the size of government: evidence from the long 19th century},
author={Aidt, Toke S and Jensen, Peter S},
journal={Public Choice},
volume={157},
number={3-4},
pages={511--542},
year={2013},
publisher={Springer}
}
@article{aidt2015democratization,
title={Democratization under the threat of revolution: Evidence from the Great Reform Act of 1832},
author={Aidt, Toke S and Franck, Rapha{\"e}l},
journal={Econometrica},
volume={83},
number={2},
pages={505--547},
year={2015},
publisher={Wiley Online Library}
}
@ARTICLE{Meltzer1981-gh,
title     = "A Rational Theory of the Size of Government",
author    = "Meltzer, Allan H and Richard, Scott F",
journal   = "The journal of political economy",
publisher = "journals.uchicago.edu",
volume    =  89,
number    =  5,
pages     = "914--927",
year      =  1981,
url       = "https://doi.org/10.1086/261013"
}
@article{desai2019technology,
title={Technology and protest: the political effects of electronic voting in India},
author={Desai, Zuheir and Lee, Alexander},
journal={Political Science Research and Methods. Available at: http://doi. org/10.1017/psrm},
year={2019}
}
@article{blakeslee2018politics,
title={Politics and public goods in developing countries: Evidence from the assassination of Rajiv Gandhi},
author={Blakeslee, David S},
journal={Journal of Public Economics},
volume={163},
pages={1--19},
year={2018},
publisher={Elsevier}
}
@article{desa2015united,
title={United nations department of economic and social affairs, population division. world population prospects: The 2015 revision, key findings and advance tables},
author={Desa, U},
journal={Online Edition UN DESA, New York},
year={2015}
}
@book{lawless2015running,
title={Running from office: Why young Americans are turned off to politics},
author={Lawless, Jennifer L and Fox, Richard L},
year={2015},
publisher={Oxford University Press, USA}
}
@article{curry2018lawmaker,
title={Lawmaker age, issue salience, and senior representation in Congress},
author={Curry, James M and Haydon, Matthew R},
journal={American Politics Research},
volume={46},
number={4},
pages={567--595},
year={2018},
publisher={SAGE Publications Sage CA: Los Angeles, CA}
}
@article{mcclean2021does,
title={Does the Underrepresentation of Young People in Political Institutions Matter? Yes.},
author={McClean, Charles T},
year={2021},
journal={Working Paper}
}
@ARTICLE{SantAnna2020-ly,
title   = "Doubly robust difference-in-differences estimators",
author  = "Sant'Anna, Pedro H C and Zhao, Jun",
journal = "Journal of econometrics",
volume  =  219,
number  =  1,
pages   = "101--122",
month   =  nov,
year    =  2020,
url     = "http://www.sciencedirect.com/science/article/pii/S0304407620301901"
}
@article{hainmueller2019much,
title={How much should we trust estimates from multiplicative interaction models? Simple tools to improve empirical practice},
author={Hainmueller, Jens and Mummolo, Jonathan and Xu, Yiqing},
journal={Political Analysis},
volume={27},
number={2},
pages={163--192},
year={2019},
publisher={Cambridge University Press}
}
@ARTICLE{Imai2020-dg,
title     = "On the use of two-way fixed effects regression models for causal
inference with panel data",
author    = "Imai, Kosuke and Kim, In Song",
journal   = "Political analysis: an annual publication of the Methodology
Section of the American Political Science Association",
publisher = "Cambridge University Press (CUP)",
pages     = "1--11",
month     =  nov,
year      =  2020,
url       = "https://imai.fas.harvard.edu/research/files/FEmatch-twoway.pdf",
language  = "en"
}
@MISC{infomap_vs_maps,
title = "India : State Assembly Constituency Boundaries and Election Data, 1985-2006",
author = "ML Infomap",
year = 1980,
url = "Retrieved from https://earthworks.stanford.edu/"
}
@MISC{Pachauri1989-oc,
title        = "With voting age lowered to 18, the young suddenly become
politically important",
author       = "Pachauri, Pankaj",
month        =  apr,
year         =  1989,
url          = "https://www.indiatoday.in/magazine/special-report/story/19890430-with-voting-age-lowered-to-18-the-young-suddenly-become-politically-important-816059-1989-04-30",
note         = "Accessed: 2021-2-25"
}
@MISC{Ani_2019,
title        = "Rahul Gandhi recalls Rajiv Gandhi's contribution in lowering
voting age from 21 to 18",
booktitle    = "Business Standard",
author       = "{ANI}",
year         = 2019,
url          = "https://www.business-standard.com/article/news-ani/rahul-gandhi-recalls-rajiv-gandhi-s-contribution-in-lowering-voting-age-from-21-to-18-119082300603_1.html"
}
@book{sharma2021introduction,
title={Introduction to the Constitution of India},
author={Sharma, Brij Kishore},
year={2021},
publisher={PHI Learning Pvt. Ltd.}
}
@article{union2012global,
title={Global Parliamentary Report: Facts and Figures},
author={Inter-Parliamentary Union},
journal={Geneva: Inter},
year={2012}
}
@article{united2015world,
title={World Population Prospects-Population Division-United Nations},
author={United Nations},
journal={World Population Prospects-2015 Revision},
year={2015}
}
@techreport{cassan2020enfranchisement,
title={Enfranchisement, Political Participation and Political Competition: Evidence from Colonial India},
author={Cassan, Guilhem and Iyer, Lakshmi and Mirza, Rinchan Ali},
year={2020},
institution={IZA Discussion Papers}
}
@techreport{goodman2018difference,
title={Difference-in-differences with variation in treatment timing},
author={Goodman-Bacon, Andrew},
year={2018},
institution={National Bureau of Economic Research}
}
@article{berlinski2011political,
title={The political consequences of franchise extension: Evidence from the second reform act},
author={Berlinski, Samuel and Dewan, Torun},
journal={Quarterly Journal of Political Science},
volume={6},
number={34},
pages={329--376},
year={2011},
publisher={Now Publishers, Inc.}
}
@article{imai2019should,
title={When should we use unit fixed effects regression models for causal inference with longitudinal data?},
author={Imai, Kosuke and Kim, In Song},
journal={American Journal of Political Science},
volume={63},
number={2},
pages={467--490},
year={2019},
publisher={Wiley Online Library}
}
@ARTICLE{Jensenius2017-qf,
title     = "Studying Indian Politics with Large-scale Data: Indian Election
Data 1961--Today",
author    = "Jensenius, Francesca R and Verniers, Gilles",
journal   = "Studies in Indian Politics",
publisher = "SAGE Publications India",
volume    =  5,
number    =  2,
pages     = "269--275",
month     =  dec,
year      =  2017,
url       = "https://doi.org/10.1177/2321023017727984"
}
@article{fujiwaraVotingTechnologyPolitical2015,
title = {Voting Technology, Political Responsiveness, and Infant Health: {{Evidence}} from {{Brazil}}},
volume = {83},
number = {2},
journal = {Econometrica},
author = {Fujiwara, Thomas},
year = {2015},
pages = {423-464}
}
@article{acemogluTheoryPoliticalTransitions2001,
title = {A {{Theory}} of {{Political Transitions}}},
volume = {91},
issn = {0002-8282},
number = {4},
journal = {The American Economic Review},
author = {Acemoglu, Daron and Robinson, James A.},
year = {2001},
pages = {938-963},
}
@article{abadie2010synthetic,
title={Synthetic control methods for comparative case studies: Estimating the effect of Californiaâ€™s tobacco control program},
author={Abadie, Alberto and Diamond, Alexis and Hainmueller, Jens},
journal={Journal of the American statistical Association},
volume={105},
number={490},
pages={493--505},
year={2010},
publisher={Taylor \& Francis}
}
